% Encoding: UTF-8
%%
%% WinShell 3.3.2.6
%% http://www.winshell.org/
%%

% Strings


% Preamble


% BibTeX Entries

@Manual{joron1,
  title   = {2016年度情報セキュリティの脅威に対する意識調査-調査報告書-},
  author  = {情報処理推進機構},
  address = {https://www.ipa.go.jp/files/000056568.pdf},
}

@Manual{ns3,
  title   = {ns-3},
  address = {https://www.nsnam.org/},
}

@book{ns3text,
  author    = {銭 飛},
  publisher = {森北出版},
  title     = {ns3によるネットワークシミュレーション},
  year      = {2014},

}

@Manual{joron2,
  title   = {コンピュータウイルス・不正アクセスの届出状況および相談状況[2016年第3四半期(7月～9月)]},
  author  = {情報処理推進機構},
  address = {https://www.ipa.go.jp/files/000055168.pdf},
}

@Manual{openflow,
  title        = {OpenFlow Switch Specification, Version 0.8.9},
  organization = {OPEN NETWORKING FOUNDATION},
  year         = {2008},
  timestamp    = {2017.01.16},
}

@Book{openflowjapanese,
  title     = {次世代ネットワーク制御技術 OpenFlow入門},
  publisher = {株式会社アスキー・メディアワークス},
  year      = {2013},
  author    = {石井秀治 and 大山裕泰 and 河合栄治},
}

@Manual{openflownet,
  title     = {インターネット10分講座：OpenFlow},
  author    = {日本ネットワークインフォメーションセンター},
  address   = {https://www.nic.ad.jp/ja/newsletter/No52/0800.html},
  timestamp = {2017.01.16},
}

@Book{tanenbaum,
  title     = {コンピュータネットワーク 第5版},
  publisher = {日経BP社},
  year      = {2013},
  author    = {A.S. Tanenbaum and D.J. Whtherall},
  timestamp = {2017.01.17},
}

@Manual{tapdevice,
  title     = {Tap NetDevice - Model Library},
  author    = {ns-3},
  address   = {https://www.nsnam.org/docs/release/3.25/models/html/tap.html},
  timestamp = {2017.01.17},
}

@Book{masteringtcpip,
  title     = {マスタリングTCP/IP 入門編 第5版},
  publisher = {株式会社オーム社},
  year      = {2012},
  author    = {竹下隆史 and 村山公保 and 荒井透 and 苅田幸雄},
  timestamp = {2017.01.19},
}

@Manual{ransomware,
  title     = {ランサムウェアとは - 脅威と対策},
  author    = {トレンドマイクロ},
  address   = {http://www.trendmicro.co.jp/jp/security-intelligence/threat-solution/ransomware/index.html},
  timestamp = {2017.01.20},
}

@Manual{idsandips,
  title     = {情報セキュリティ入門：IDSとIPS - ITpro},
  author    = {日経BP社},
  address   = {http://itpro.nikkeibp.co.jp/article/COLUMN/20060830/246798/?rt=nocnt},
  timestamp = {2017.01.25},
}

@Manual{ciscoips,
  title     = {Configure Interfaces [Cisco IPS 4200 Series Sensors] - Cisco Systems},
  author    = {Cisco Systems},
  address   = {http://www.cisco.com/en/US/docs/security/ips/5.0/configuration/guide/cli/cliinter.html},
  timestamp = {2017.01.25},
}

@Comment{jabref-meta: databaseType:bibtex;}
